@article{BridgesShroeder, 
       author = {{Bridges}, R.~A.},
        title = "{A Solution to Schroeder's Equation in Several Variables}",
      journal = {ArXiv e-prints},
    archivePrefix = "arXiv",
       eprint = {1106.3370},
     primaryClass = "math.CV",
     keywords = {Mathematics - Complex Variables, Mathematics - Functional Analysis},
         year = 2011,
        month = jun,
       adsurl = {http://adsabs.harvard.edu/abs/2011arXiv1106.3370B},
      adsnote = {Provided by the SAO/NASA Astrophysics Data System}
    }